@book{Humble:2010:CDR:1869904,
 author = {Humble, Jez and Farley, David},
 title = {Continuous Delivery: Reliable Software Releases Through Build, Test, and Deployment Automation},
 year = {2010},
 isbn = {0321601912, 9780321601919},
 edition = {1st},
 publisher = {Addison-Wesley Professional},
}
@online{OpenarkKit, 
 author = {Noach, Shlomi},
 title = {{Openark kit, common utilities for MySQL}},
 month = jan,
 year = {2015},
 howpublished = {\url{https://code.google.com/p/openarkkit/}}
}
@online{PerconaToolkit,
 title = {{Percona Toolkit for MySQL}},
 month = jan,
 year = {2015},
 howpublished = {\url{http://www.percona.com/software/percona-toolkit}}
}
@online{TableMigrator,
  title = {{TableMigrator}},
  month = jan,
  year = {2015},
  howpublished = {\url{https://github.com/freels/table_migrator}}
}
@online{FacebookOSC,
  title = {{Online Schema Change for MySQL}},
  month = jan,
  year = {2015},
  howpublished = {\url{https://www.facebook.com/note.php?note_id=430801045932}}
}
@online{SoundcloudLHM,
  title = {{Large Hadron Migrator}},
  month = jan,
  year = {2015},
  howpublished = {\url{https://github.com/soundcloud/lhm}}
}